{
  "Id": "exchange-10",
  "AvailableFunds": {
    "Crypto": 6.3087,
    "Euro": 105128.86
  },
  "OrderBook": {
    "Bids": [
      {
        "Order": {
          "Id": "4c458fbc-950d-44ea-b3a0-fb4f4eccb6f2",
          "Time": "2024-03-01T20:09:48.305Z",
          "Type": "Buy",
          "Kind": "Limit",
          "Amount": 0.01,
          "Price": 57227.43
        }
      },
      {
        "Order": {
          "Id": "550c7231-4d60-48b7-8b5f-db419dc3e00f",
          "Time": "2024-03-01T14:25:53.307Z",
          "Type": "Buy",
          "Kind": "Limit",
          "Amount": 0.17014412,
          "Price": 57227.04
        }
      },
      {
        "Order": {
          "Id": "1f90f44f-0112-435d-8daf-7dc845b2e8cf",
          "Time": "2024-03-01T08:37:46.253Z",
          "Type": "Buy",
          "Kind": "Limit",
          "Amount": 0.5,
          "Price": 57226.08
        }
      },
      {
        "Order": {
          "Id": "27093ce5-14b3-4603-b109-0745f9f5d978",
          "Time": "2024-03-01T00:47:44.638Z",
          "Type": "Buy",
          "Kind": "Limit",
          "Amount": 0.062,
          "Price": 57225.5
        }
      },
      {
        "Order": {
          "Id": "ea391615-2df4-4023-9759-f2bcbf9a9dee",
          "Time": "2024-03-01T09:36:22.648Z",
          "Type": "Buy",
          "Kind": "Limit",
          "Amount": 4,
          "Price": 57217.57
        }
      },
      {
        "Order": {
          "Id": "c3ab7619-2261-429b-8fbe-9f8f653e01eb",
          "Time": "2024-03-01T17:44:05.011Z",
          "Type": "Buy",
          "Kind": "Limit",
          "Amount": 0.02426109,
          "Price": 57217.38
        }
      },
      {
        "Order": {
          "Id": "1430e32d-807d-4760-884b-31447943a30f",
          "Time": "2024-03-01T04:55:30.058Z",
          "Type": "Buy",
          "Kind": "Limit",
          "Amount": 0.5,
          "Price": 57194.96
        }
      },
      {
        "Order": {
          "Id": "997353a1-8190-4476-b143-23bb3fb65fa9",
          "Time": "2024-03-01T03:43:39.720Z",
          "Type": "Buy",
          "Kind": "Limit",
          "Amount": 0.43,
          "Price": 57176.98
        }
      },
      {
        "Order": {
          "Id": "d963a4c3-5725-4338-951f-075ac39d4a4c",
          "Time": "2024-03-01T21:48:09.925Z",
          "Type": "Buy",
          "Kind": "Limit",
          "Amount": 4.823,
          "Price": 57173.5
        }
      },
      {
        "Order": {
          "Id": "54ce3c19-8be7-408d-823e-1a27e817f207",
          "Time": "2024-03-01T03:09:42.559Z",
          "Type": "Buy",
          "Kind": "Limit",
          "Amount": 0.62,
          "Price": 57170.41
        }
      },
      {
        "Order": {
          "Id": "558f379b-819f-4afc-b7e9-808804af693f",
          "Time": "2024-03-01T06:47:00.665Z",
          "Type": "Buy",
          "Kind": "Limit",
          "Amount": 13,
          "Price": 57159.58
        }
      },
      {
        "Order": {
          "Id": "8ecb9c5c-7f89-4887-87a4-7a6fa355fe79",
          "Time": "2024-03-01T04:22:08.617Z",
          "Type": "Buy",
          "Kind": "Limit",
          "Amount": 0.01226619,
          "Price": 57159.2
        }
      },
      {
        "Order": {
          "Id": "572f4a58-6542-4397-b0be-fb3150709aff",
          "Time": "2024-03-01T07:57:16.559Z",
          "Type": "Buy",
          "Kind": "Limit",
          "Amount": 17.721,
          "Price": 57159
        }
      },
      {
        "Order": {
          "Id": "c8fe46a0-bf12-4c6c-b405-f31228a4aae1",
          "Time": "2024-03-01T12:23:25.319Z",
          "Type": "Buy",
          "Kind": "Limit",
          "Amount": 0.00473008,
          "Price": 57149.72
        }
      },
      {
        "Order": {
          "Id": "e9146851-7d85-4d2b-9889-2a6f2816f433",
          "Time": "2024-03-01T01:23:24.429Z",
          "Type": "Buy",
          "Kind": "Limit",
          "Amount": 0.43,
          "Price": 57148.57
        }
      },
      {
        "Order": {
          "Id": "9f308235-2047-4fd7-9d32-bdee13ea46ff",
          "Time": "2024-03-01T18:07:30.418Z",
          "Type": "Buy",
          "Kind": "Limit",
          "Amount": 4.00235969,
          "Price": 57120.34
        }
      },
      {
        "Order": {
          "Id": "95d045dd-86a4-429d-874a-a6f7b48cdf36",
          "Time": "2024-03-01T03:57:03.654Z",
          "Type": "Buy",
          "Kind": "Limit",
          "Amount": 0.1,
          "Price": 57120.15
        }
      },
      {
        "Order": {
          "Id": "a878041a-f16c-4a18-9bb8-046e16756566",
          "Time": "2024-03-01T11:41:43.965Z",
          "Type": "Buy",
          "Kind": "Limit",
          "Amount": 0.43,
          "Price": 57115.9
        }
      },
      {
        "Order": {
          "Id": "2bf6ec90-32fb-4569-a9f8-5a9a14885348",
          "Time": "2024-03-01T22:16:21.110Z",
          "Type": "Buy",
          "Kind": "Limit",
          "Amount": 0.4,
          "Price": 57114.16
        }
      },
      {
        "Order": {
          "Id": "052e8b4e-91ec-4cd6-a687-783b9240a607",
          "Time": "2024-03-01T15:15:33.699Z",
          "Type": "Buy",
          "Kind": "Limit",
          "Amount": 2.966,
          "Price": 57109.52
        }
      },
      {
        "Order": {
          "Id": "45f62fd9-cadf-4e84-8e0d-80063cd6246c",
          "Time": "2024-03-01T19:06:10.378Z",
          "Type": "Buy",
          "Kind": "Limit",
          "Amount": 0.84750618,
          "Price": 57084.39
        }
      },
      {
        "Order": {
          "Id": "a1a6a361-3532-484d-beaf-31a23c2c5a93",
          "Time": "2024-03-01T06:58:37.415Z",
          "Type": "Buy",
          "Kind": "Limit",
          "Amount": 2,
          "Price": 57084.2
        }
      },
      {
        "Order": {
          "Id": "8dbe298a-cc75-4abc-b8ec-5298a38e267d",
          "Time": "2024-03-01T10:35:01.502Z",
          "Type": "Buy",
          "Kind": "Limit",
          "Amount": 0.84750189,
          "Price": 57081.68
        }
      },
      {
        "Order": {
          "Id": "1f631138-6847-4c88-bc7c-93a3f94b09d7",
          "Time": "2024-03-01T03:44:49.763Z",
          "Type": "Buy",
          "Kind": "Limit",
          "Amount": 2.55,
          "Price": 57081.49
        }
      },
      {
        "Order": {
          "Id": "d6f01d96-b039-44eb-adb1-d5139f2dc84a",
          "Time": "2024-03-01T02:11:45.276Z",
          "Type": "Buy",
          "Kind": "Limit",
          "Amount": 0.43,
          "Price": 57058.68
        }
      },
      {
        "Order": {
          "Id": "ed206aa2-0126-44a7-9d7f-b06fdbe4ad30",
          "Time": "2024-03-01T04:49:04.830Z",
          "Type": "Buy",
          "Kind": "Limit",
          "Amount": 0.12793338,
          "Price": 57035.29
        }
      },
      {
        "Order": {
          "Id": "bf0b9323-bbf4-4853-9aff-e1f8af2b607d",
          "Time": "2024-03-01T13:18:40.979Z",
          "Type": "Buy",
          "Kind": "Limit",
          "Amount": 0.84750618,
          "Price": 57034.9
        }
      },
      {
        "Order": {
          "Id": "b45228a0-661b-48f6-ae2c-d875b14382c5",
          "Time": "2024-03-01T09:17:49.981Z",
          "Type": "Buy",
          "Kind": "Limit",
          "Amount": 6.76342278,
          "Price": 57034.71
        }
      },
      {
        "Order": {
          "Id": "1e284cb9-af1a-4a42-8cb4-741a6e6a6225",
          "Time": "2024-03-01T22:28:50.868Z",
          "Type": "Buy",
          "Kind": "Limit",
          "Amount": 0.10857555,
          "Price": 57033.55
        }
      },
      {
        "Order": {
          "Id": "37a98eed-81d6-4873-a4d7-010435ed5946",
          "Time": "2024-03-01T03:45:22.542Z",
          "Type": "Buy",
          "Kind": "Limit",
          "Amount": 3.3814,
          "Price": 57023.5
        }
      },
      {
        "Order": {
          "Id": "364571e3-02bc-4a49-aaf1-59e01cd8bd0f",
          "Time": "2024-03-01T00:05:48.672Z",
          "Type": "Buy",
          "Kind": "Limit",
          "Amount": 2.53128999,
          "Price": 57017.31
        }
      },
      {
        "Order": {
          "Id": "ebd05fb0-a200-44ba-b15a-40e7f92c39c7",
          "Time": "2024-03-01T07:26:20.064Z",
          "Type": "Buy",
          "Kind": "Limit",
          "Amount": 0.43,
          "Price": 57010.16
        }
      },
      {
        "Order": {
          "Id": "5f5718b2-5d66-4b8e-aef9-688c6a9eafcd",
          "Time": "2024-03-01T03:25:08.547Z",
          "Type": "Buy",
          "Kind": "Limit",
          "Amount": 5.95,
          "Price": 57002.43
        }
      },
      {
        "Order": {
          "Id": "a0736cee-16c5-49ed-ad60-bae52fd0581b",
          "Time": "2024-03-01T17:59:27.183Z",
          "Type": "Buy",
          "Kind": "Limit",
          "Amount": 0.02426109,
          "Price": 56999.34
        }
      },
      {
        "Order": {
          "Id": "02aea6ae-1418-4a64-a2ef-d0cb7ba3084c",
          "Time": "2024-03-01T14:20:46.563Z",
          "Type": "Buy",
          "Kind": "Limit",
          "Amount": 0.2,
          "Price": 56978.65
        }
      },
      {
        "Order": {
          "Id": "8d7ed43f-3d12-404c-8531-1db2af9c8feb",
          "Time": "2024-03-01T06:16:04.703Z",
          "Type": "Buy",
          "Kind": "Limit",
          "Amount": 0.43,
          "Price": 56973.44
        }
      },
      {
        "Order": {
          "Id": "44f1c85b-0347-4b3d-a9f8-bbd714526f5a",
          "Time": "2024-03-01T14:07:05.939Z",
          "Type": "Buy",
          "Kind": "Limit",
          "Amount": 1.521,
          "Price": 56966.86
        }
      },
      {
        "Order": {
          "Id": "f342f0f6-8d96-42ea-a5a6-4afab7f206c9",
          "Time": "2024-03-01T07:04:45.417Z",
          "Type": "Buy",
          "Kind": "Limit",
          "Amount": 26,
          "Price": 56949.08
        }
      },
      {
        "Order": {
          "Id": "3a590b47-da62-4fa5-b3ef-bf1c85914e34",
          "Time": "2024-03-01T23:38:00.035Z",
          "Type": "Buy",
          "Kind": "Limit",
          "Amount": 10.8,
          "Price": 56948.89
        }
      },
      {
        "Order": {
          "Id": "e2d6acb0-47bd-4796-bfea-941bb94cfd30",
          "Time": "2024-03-01T11:11:38.885Z",
          "Type": "Buy",
          "Kind": "Limit",
          "Amount": 2.376,
          "Price": 56919.7
        }
      },
      {
        "Order": {
          "Id": "8ff36438-75cc-417e-976b-86a26689e636",
          "Time": "2024-03-01T09:22:16.681Z",
          "Type": "Buy",
          "Kind": "Limit",
          "Amount": 0.914,
          "Price": 56918.54
        }
      },
      {
        "Order": {
          "Id": "976b1104-7aad-4895-a307-d02b9a524971",
          "Time": "2024-03-01T05:47:38.352Z",
          "Type": "Buy",
          "Kind": "Limit",
          "Amount": 0.31,
          "Price": 56902.3
        }
      },
      {
        "Order": {
          "Id": "af86e219-310f-450f-804b-dae445e83023",
          "Time": "2024-03-01T19:43:11.052Z",
          "Type": "Buy",
          "Kind": "Limit",
          "Amount": 9.4,
          "Price": 56895.34
        }
      },
      {
        "Order": {
          "Id": "abf28e84-4a33-47ef-a75f-cbe96f527e66",
          "Time": "2024-03-01T15:27:02.563Z",
          "Type": "Buy",
          "Kind": "Limit",
          "Amount": 25.3129,
          "Price": 56858.42
        }
      },
      {
        "Order": {
          "Id": "41551aa4-0cf9-4182-8cc1-7830367e91e7",
          "Time": "2024-03-01T17:38:22.639Z",
          "Type": "Buy",
          "Kind": "Limit",
          "Amount": 0.8,
          "Price": 56849.53
        }
      },
      {
        "Order": {
          "Id": "a371c2dd-3f36-422b-a2a6-ce5a14b5c2e7",
          "Time": "2024-03-01T19:19:33.654Z",
          "Type": "Buy",
          "Kind": "Limit",
          "Amount": 0.31,
          "Price": 56844.89
        }
      },
      {
        "Order": {
          "Id": "cbc62550-d0c1-4396-b70c-16b427b62202",
          "Time": "2024-03-01T02:08:12.929Z",
          "Type": "Buy",
          "Kind": "Limit",
          "Amount": 9,
          "Price": 56835.61
        }
      },
      {
        "Order": {
          "Id": "b1a776b0-523c-47f6-ace5-67464196508c",
          "Time": "2024-03-01T15:45:55.550Z",
          "Type": "Buy",
          "Kind": "Limit",
          "Amount": 0.031,
          "Price": 56830.2
        }
      },
      {
        "Order": {
          "Id": "a380b7b6-96b5-451d-aa1b-ebf07ba4769a",
          "Time": "2024-03-01T09:31:51.320Z",
          "Type": "Buy",
          "Kind": "Limit",
          "Amount": 0.13336696,
          "Price": 56828.65
        }
      },
      {
        "Order": {
          "Id": "01175a5c-6b4b-46e8-a3e3-8c26c23264c8",
          "Time": "2024-03-01T05:53:04.448Z",
          "Type": "Buy",
          "Kind": "Limit",
          "Amount": 0.31,
          "Price": 56787.67
        }
      },
      {
        "Order": {
          "Id": "cc619c5e-8ba6-4783-9ba8-fb5b525a4548",
          "Time": "2024-03-01T09:05:34.906Z",
          "Type": "Buy",
          "Kind": "Limit",
          "Amount": 7,
          "Price": 56780.14
        }
      },
      {
        "Order": {
          "Id": "06dc5deb-30ec-4971-8fc9-61900b6244a1",
          "Time": "2024-03-01T22:55:33.135Z",
          "Type": "Buy",
          "Kind": "Limit",
          "Amount": 0.02426129,
          "Price": 56764.67
        }
      },
      {
        "Order": {
          "Id": "318b7e28-dcf1-4c7a-8252-b868fd61964c",
          "Time": "2024-03-01T02:28:11.762Z",
          "Type": "Buy",
          "Kind": "Limit",
          "Amount": 5.36,
          "Price": 56721.57
        }
      },
      {
        "Order": {
          "Id": "2c1834b1-5cf1-4d8b-85ce-939a00664050",
          "Time": "2024-03-01T06:28:26.509Z",
          "Type": "Buy",
          "Kind": "Limit",
          "Amount": 0.21750684,
          "Price": 56720.21
        }
      },
      {
        "Order": {
          "Id": "bb23adb0-9c12-4b01-ab52-a0ed4c627dbe",
          "Time": "2024-03-01T01:28:54.713Z",
          "Type": "Buy",
          "Kind": "Limit",
          "Amount": 0.07,
          "Price": 56715.19
        }
      },
      {
        "Order": {
          "Id": "2ba7d6a9-fd04-48eb-b884-c3d2381b9dd1",
          "Time": "2024-03-01T14:07:15.390Z",
          "Type": "Buy",
          "Kind": "Limit",
          "Amount": 1.19516605,
          "Price": 56692.38
        }
      },
      {
        "Order": {
          "Id": "72fe4d18-b556-46c3-bf58-04483c76c445",
          "Time": "2024-03-01T15:51:46.025Z",
          "Type": "Buy",
          "Kind": "Limit",
          "Amount": 2,
          "Price": 56682.33
        }
      },
      {
        "Order": {
          "Id": "28beb7f4-a96c-45d8-8ed8-2536a2656c7c",
          "Time": "2024-03-01T09:37:44.934Z",
          "Type": "Buy",
          "Kind": "Limit",
          "Amount": 0.15625981,
          "Price": 56668.6
        }
      },
      {
        "Order": {
          "Id": "74d0398c-daf2-48af-b3ce-065e22fc73fc",
          "Time": "2024-03-01T02:42:59.639Z",
          "Type": "Buy",
          "Kind": "Limit",
          "Amount": 10.317,
          "Price": 56668.02
        }
      },
      {
        "Order": {
          "Id": "a78c1216-71a1-4815-945d-be50b02d68d6",
          "Time": "2024-03-01T09:25:05.083Z",
          "Type": "Buy",
          "Kind": "Limit",
          "Amount": 8.12,
          "Price": 56659.71
        }
      },
      {
        "Order": {
          "Id": "7cbe626b-3666-47ad-8874-87e0cb44d955",
          "Time": "2024-03-01T09:07:22.722Z",
          "Type": "Buy",
          "Kind": "Limit",
          "Amount": 2.486,
          "Price": 56658.55
        }
      },
      {
        "Order": {
          "Id": "d2bca350-eadf-4968-aa21-e93af164746b",
          "Time": "2024-03-01T22:26:48.878Z",
          "Type": "Buy",
          "Kind": "Limit",
          "Amount": 0.23,
          "Price": 56617.57
        }
      },
      {
        "Order": {
          "Id": "905785ff-664a-4785-b1cf-18e0a9c89ef4",
          "Time": "2024-03-01T08:09:14.196Z",
          "Type": "Buy",
          "Kind": "Limit",
          "Amount": 11.7,
          "Price": 56596.31
        }
      },
      {
        "Order": {
          "Id": "44604499-2a97-4496-8ab7-fe2469c9b6f6",
          "Time": "2024-03-01T16:56:12.659Z",
          "Type": "Buy",
          "Kind": "Limit",
          "Amount": 0.3,
          "Price": 56557.65
        }
      },
      {
        "Order": {
          "Id": "07049bef-a1ea-4642-aee5-c2d5c030719f",
          "Time": "2024-03-01T04:02:49.419Z",
          "Type": "Buy",
          "Kind": "Limit",
          "Amount": 0.02429642,
          "Price": 56556.87
        }
      },
      {
        "Order": {
          "Id": "27c44427-baf2-4801-8c31-f9ddfc77f5de",
          "Time": "2024-03-01T05:10:16.495Z",
          "Type": "Buy",
          "Kind": "Limit",
          "Amount": 0.39386842,
          "Price": 56548.76
        }
      },
      {
        "Order": {
          "Id": "ca8ba643-6753-487c-a1a2-4810f5748f25",
          "Time": "2024-03-01T02:46:59.479Z",
          "Type": "Buy",
          "Kind": "Limit",
          "Amount": 0.1585,
          "Price": 56540.25
        }
      },
      {
        "Order": {
          "Id": "fb2bd0b3-c7c8-440d-ad13-4c43ae0841a6",
          "Time": "2024-03-01T08:35:06.653Z",
          "Type": "Buy",
          "Kind": "Limit",
          "Amount": 12.5,
          "Price": 56536.96
        }
      },
      {
        "Order": {
          "Id": "739d2df8-044b-4713-88ed-575cb1e15038",
          "Time": "2024-03-01T08:42:18.309Z",
          "Type": "Buy",
          "Kind": "Limit",
          "Amount": 0.00654099,
          "Price": 56532.52
        }
      },
      {
        "Order": {
          "Id": "f46de6c9-88a0-4ebb-ad49-55cf0b6c43d7",
          "Time": "2024-03-01T10:57:16.469Z",
          "Type": "Buy",
          "Kind": "Limit",
          "Amount": 0.5,
          "Price": 56502.75
        }
      },
      {
        "Order": {
          "Id": "4948ae7e-d3af-458b-af2b-000da7531a53",
          "Time": "2024-03-01T01:04:12.783Z",
          "Type": "Buy",
          "Kind": "Limit",
          "Amount": 33.28,
          "Price": 56495.79
        }
      },
      {
        "Order": {
          "Id": "fd79e652-1223-489d-b015-aa44b39258d6",
          "Time": "2024-03-01T14:13:31.617Z",
          "Type": "Buy",
          "Kind": "Limit",
          "Amount": 0.30348136,
          "Price": 56486.51
        }
      },
      {
        "Order": {
          "Id": "8dbb218f-fd4f-4839-97c6-64de5ec4d836",
          "Time": "2024-03-01T05:01:18.442Z",
          "Type": "Buy",
          "Kind": "Limit",
          "Amount": 0.003265,
          "Price": 56486.32
        }
      },
      {
        "Order": {
          "Id": "535df366-d554-4f42-94ef-809e249f80f1",
          "Time": "2024-03-01T01:42:29.339Z",
          "Type": "Buy",
          "Kind": "Limit",
          "Amount": 6.6,
          "Price": 56475.49
        }
      },
      {
        "Order": {
          "Id": "cdfe0cda-d430-4670-9889-7b3540161a34",
          "Time": "2024-03-01T14:04:25.567Z",
          "Type": "Buy",
          "Kind": "Limit",
          "Amount": 0.2,
          "Price": 56454.62
        }
      },
      {
        "Order": {
          "Id": "00142a70-688e-4fc9-a1da-d606a219dd46",
          "Time": "2024-03-01T06:14:36.397Z",
          "Type": "Buy",
          "Kind": "Limit",
          "Amount": 0.06832089,
          "Price": 56447.27
        }
      },
      {
        "Order": {
          "Id": "f68dae98-8eef-4feb-a5f0-5b2a8b2a8c44",
          "Time": "2024-03-01T14:50:53.357Z",
          "Type": "Buy",
          "Kind": "Limit",
          "Amount": 0.1140017,
          "Price": 56443.6
        }
      },
      {
        "Order": {
          "Id": "4648a873-df8f-4c57-bb75-c73fb2deb493",
          "Time": "2024-03-01T00:35:39.191Z",
          "Type": "Buy",
          "Kind": "Limit",
          "Amount": 0.01,
          "Price": 56424.27
        }
      },
      {
        "Order": {
          "Id": "bc1fab44-2f52-494e-9a22-86dde88a465f",
          "Time": "2024-03-01T21:51:01.955Z",
          "Type": "Buy",
          "Kind": "Limit",
          "Amount": 7.3,
          "Price": 56422.34
        }
      },
      {
        "Order": {
          "Id": "3edb91da-1526-450f-9c59-4bc54fe1d5b2",
          "Time": "2024-03-01T05:47:00.075Z",
          "Type": "Buy",
          "Kind": "Limit",
          "Amount": 0.56944139,
          "Price": 56404.94
        }
      },
      {
        "Order": {
          "Id": "c96a923a-3be3-4563-91ce-ff094530f6a1",
          "Time": "2024-03-01T15:56:26.592Z",
          "Type": "Buy",
          "Kind": "Limit",
          "Amount": 6.282,
          "Price": 56399.91
        }
      },
      {
        "Order": {
          "Id": "18918fd5-cce9-44ea-832b-0245af153011",
          "Time": "2024-03-01T21:06:58.995Z",
          "Type": "Buy",
          "Kind": "Limit",
          "Amount": 11.11,
          "Price": 56363.19
        }
      },
      {
        "Order": {
          "Id": "c2bc6da5-9a94-495d-b42c-d007eb79b1fc",
          "Time": "2024-03-01T02:52:24.613Z",
          "Type": "Buy",
          "Kind": "Limit",
          "Amount": 0.047249,
          "Price": 56346.95
        }
      },
      {
        "Order": {
          "Id": "4b6728e3-706f-47cc-aedf-860000100197",
          "Time": "2024-03-01T08:45:47.810Z",
          "Type": "Buy",
          "Kind": "Limit",
          "Amount": 0.00459,
          "Price": 56332.45
        }
      },
      {
        "Order": {
          "Id": "e4c76cc0-a013-46f1-85c0-069000f6ebe7",
          "Time": "2024-03-01T22:40:36.867Z",
          "Type": "Buy",
          "Kind": "Limit",
          "Amount": 0.03424,
          "Price": 56308.87
        }
      },
      {
        "Order": {
          "Id": "cc74ed05-c9dc-43c9-92a1-7b6eea5b7083",
          "Time": "2024-03-01T11:27:25.489Z",
          "Type": "Buy",
          "Kind": "Limit",
          "Amount": 0.03425363,
          "Price": 56290.89
        }
      },
      {
        "Order": {
          "Id": "28b03500-8bb4-4d08-b367-e267760e23e9",
          "Time": "2024-03-01T17:58:57.483Z",
          "Type": "Buy",
          "Kind": "Limit",
          "Amount": 0.3558,
          "Price": 56288.96
        }
      },
      {
        "Order": {
          "Id": "795a3029-e343-44d7-8938-487dbb42bc57",
          "Time": "2024-03-01T08:10:11.336Z",
          "Type": "Buy",
          "Kind": "Limit",
          "Amount": 0.32608292,
          "Price": 56269.63
        }
      },
      {
        "Order": {
          "Id": "5f4ba891-2c08-4d2a-97d9-d9c0c6b0842d",
          "Time": "2024-03-01T03:52:12.738Z",
          "Type": "Buy",
          "Kind": "Limit",
          "Amount": 39.01,
          "Price": 56268.28
        }
      },
      {
        "Order": {
          "Id": "a2724ba8-7d4f-47b8-903f-a99a73f96b1e",
          "Time": "2024-03-01T09:04:41.738Z",
          "Type": "Buy",
          "Kind": "Limit",
          "Amount": 0.5,
          "Price": 56260.16
        }
      },
      {
        "Order": {
          "Id": "3ae7dd95-3a5a-4f31-b254-fa652d25a2e3",
          "Time": "2024-03-01T03:01:51.951Z",
          "Type": "Buy",
          "Kind": "Limit",
          "Amount": 0.52094196,
          "Price": 56250.3
        }
      },
      {
        "Order": {
          "Id": "af1a0e47-d826-4172-af5a-f9d36840febb",
          "Time": "2024-03-01T11:24:45.930Z",
          "Type": "Buy",
          "Kind": "Limit",
          "Amount": 12.65645,
          "Price": 56231.16
        }
      },
      {
        "Order": {
          "Id": "488515b9-a471-4931-8187-c231d4d0c3cc",
          "Time": "2024-03-01T17:09:43.778Z",
          "Type": "Buy",
          "Kind": "Limit",
          "Amount": 0.01152942,
          "Price": 56196.95
        }
      },
      {
        "Order": {
          "Id": "ece3c3f1-f7e0-46ad-8d56-c32fa321ebec",
          "Time": "2024-03-01T16:46:47.386Z",
          "Type": "Buy",
          "Kind": "Limit",
          "Amount": 0.02,
          "Price": 56192.31
        }
      },
      {
        "Order": {
          "Id": "20abbf0f-80d7-4a18-8374-6b07e9271c33",
          "Time": "2024-03-01T05:08:01.402Z",
          "Type": "Buy",
          "Kind": "Limit",
          "Amount": 0.004,
          "Price": 56187.09
        }
      },
      {
        "Order": {
          "Id": "a33c8517-ba47-4418-b762-e79a5c751bc5",
          "Time": "2024-03-01T08:00:04.368Z",
          "Type": "Buy",
          "Kind": "Limit",
          "Amount": 0.51211105,
          "Price": 56172.98
        }
      },
      {
        "Order": {
          "Id": "10800893-da98-4f10-b7ef-744b9db24b1d",
          "Time": "2024-03-01T23:26:21.247Z",
          "Type": "Buy",
          "Kind": "Limit",
          "Amount": 0.05,
          "Price": 56167.57
        }
      },
      {
        "Order": {
          "Id": "9fc35e23-db0c-4dc4-a3c7-b6160f200163",
          "Time": "2024-03-01T20:07:30.155Z",
          "Type": "Buy",
          "Kind": "Limit",
          "Amount": 0.68812,
          "Price": 56153.65
        }
      },
      {
        "Order": {
          "Id": "fc2784cb-c9ae-4d0c-b713-189f2eacc9e5",
          "Time": "2024-03-01T08:00:45.048Z",
          "Type": "Buy",
          "Kind": "Limit",
          "Amount": 4.62,
          "Price": 56141.09
        }
      },
      {
        "Order": {
          "Id": "332aa1af-9fca-4d81-a024-80e7a5c9067a",
          "Time": "2024-03-01T07:32:47.285Z",
          "Type": "Buy",
          "Kind": "Limit",
          "Amount": 0.15,
          "Price": 56114.99
        }
      }
    ],
    "Asks": [
      {
        "Order": {
          "Id": "8602aed1-42d5-47a7-8a77-ffaef6c0049f",
          "Time": "2024-03-01T19:33:37.558Z",
          "Type": "Sell",
          "Kind": "Limit",
          "Amount": 0.39731957,
          "Price": 57299.73
        }
      },
      {
        "Order": {
          "Id": "d1e9987e-f7fc-41ac-83f0-f3efedb57790",
          "Time": "2024-03-01T08:02:46.485Z",
          "Type": "Sell",
          "Kind": "Limit",
          "Amount": 0.405,
          "Price": 57299.92
        }
      },
      {
        "Order": {
          "Id": "1433739a-ee57-46c8-94d1-aaf5c0494043",
          "Time": "2024-03-01T03:57:04.919Z",
          "Type": "Sell",
          "Kind": "Limit",
          "Amount": 0.49,
          "Price": 57313.45
        }
      },
      {
        "Order": {
          "Id": "4c023d89-8c47-4a8e-917c-e1aab997e3cc",
          "Time": "2024-03-01T13:27:28.357Z",
          "Type": "Sell",
          "Kind": "Limit",
          "Amount": 1.6,
          "Price": 57340.13
        }
      },
      {
        "Order": {
          "Id": "828950e8-c7fe-4426-ab27-4cff82b4016d",
          "Time": "2024-03-01T16:53:56.981Z",
          "Type": "Sell",
          "Kind": "Limit",
          "Amount": 0.405,
          "Price": 57340.9
        }
      },
      {
        "Order": {
          "Id": "da10f558-6c05-4d31-b744-b93b9fea6e50",
          "Time": "2024-03-01T19:15:03.072Z",
          "Type": "Sell",
          "Kind": "Limit",
          "Amount": 0.08971,
          "Price": 57372.79
        }
      },
      {
        "Order": {
          "Id": "1d2e71d2-3a27-40f4-a1e0-a51edda9d5c6",
          "Time": "2024-03-01T07:06:59.659Z",
          "Type": "Sell",
          "Kind": "Limit",
          "Amount": 0.01,
          "Price": 57372.99
        }
      },
      {
        "Order": {
          "Id": "a94ad211-aaf3-4aa1-b408-ef9aadd9dfe8",
          "Time": "2024-03-01T22:20:57.313Z",
          "Type": "Sell",
          "Kind": "Limit",
          "Amount": 0.52,
          "Price": 57374.34
        }
      },
      {
        "Order": {
          "Id": "9bcbcf64-f65f-495d-bd18-ffd6b23a31d6",
          "Time": "2024-03-01T23:29:14.558Z",
          "Type": "Sell",
          "Kind": "Limit",
          "Amount": 13,
          "Price": 57385.55
        }
      },
      {
        "Order": {
          "Id": "204a7623-f99f-418d-a48b-6ba4c041be27",
          "Time": "2024-03-01T17:18:47.918Z",
          "Type": "Sell",
          "Kind": "Limit",
          "Amount": 0.405,
          "Price": 57393.28
        }
      },
      {
        "Order": {
          "Id": "f7e81188-9a45-4474-932b-969671b5d007",
          "Time": "2024-03-01T15:31:33.647Z",
          "Type": "Sell",
          "Kind": "Limit",
          "Amount": 4.831,
          "Price": 57395.99
        }
      },
      {
        "Order": {
          "Id": "5258b99a-c3ea-45d2-8c35-06aa6de807f3",
          "Time": "2024-03-01T05:51:02.574Z",
          "Type": "Sell",
          "Kind": "Limit",
          "Amount": 2.53128999,
          "Price": 57404.11
        }
      },
      {
        "Order": {
          "Id": "8e126c20-811b-45f3-b8a2-caa3e3ef9385",
          "Time": "2024-03-01T04:56:40.948Z",
          "Type": "Sell",
          "Kind": "Limit",
          "Amount": 2.412,
          "Price": 57408.36
        }
      },
      {
        "Order": {
          "Id": "ce60ed1e-c66d-4f68-b2fc-23c0381c7a10",
          "Time": "2024-03-01T18:01:58.866Z",
          "Type": "Sell",
          "Kind": "Limit",
          "Amount": 10,
          "Price": 57416.67
        }
      },
      {
        "Order": {
          "Id": "2c857948-ec81-439e-9d68-e854cc257d79",
          "Time": "2024-03-01T11:51:15.051Z",
          "Type": "Sell",
          "Kind": "Limit",
          "Amount": 4.03276845,
          "Price": 57426.53
        }
      },
      {
        "Order": {
          "Id": "94e12f78-0284-498d-8b51-38c80d61c781",
          "Time": "2024-03-01T02:49:25.267Z",
          "Type": "Sell",
          "Kind": "Limit",
          "Amount": 0.405,
          "Price": 57426.72
        }
      },
      {
        "Order": {
          "Id": "550b37eb-be16-46cc-9de7-097918803495",
          "Time": "2024-03-01T21:22:07.036Z",
          "Type": "Sell",
          "Kind": "Limit",
          "Amount": 0.2,
          "Price": 57430.4
        }
      },
      {
        "Order": {
          "Id": "dfa0ff5b-c5c0-41fb-ad5f-443a7764bf53",
          "Time": "2024-03-01T19:19:40.373Z",
          "Type": "Sell",
          "Kind": "Limit",
          "Amount": 2,
          "Price": 57443.15
        }
      },
      {
        "Order": {
          "Id": "85cf7d46-db23-4a03-b314-5fe17810f13c",
          "Time": "2024-03-01T02:47:18.237Z",
          "Type": "Sell",
          "Kind": "Limit",
          "Amount": 0.02,
          "Price": 57459.39
        }
      },
      {
        "Order": {
          "Id": "c600adab-5f4f-4bb3-9e81-98e0e770727a",
          "Time": "2024-03-01T21:45:16.471Z",
          "Type": "Sell",
          "Kind": "Limit",
          "Amount": 0.405,
          "Price": 57459.58
        }
      },
      {
        "Order": {
          "Id": "8494ead8-0cef-4c29-913b-fcf4d9f1786d",
          "Time": "2024-03-01T18:30:50.082Z",
          "Type": "Sell",
          "Kind": "Limit",
          "Amount": 0.4,
          "Price": 57461.9
        }
      },
      {
        "Order": {
          "Id": "a5b7da35-3387-499d-a3b3-4929ebd55f92",
          "Time": "2024-03-01T08:44:36.771Z",
          "Type": "Sell",
          "Kind": "Limit",
          "Amount": 2,
          "Price": 57506.75
        }
      },
      {
        "Order": {
          "Id": "5109f9be-58b0-4b50-bd47-be6f954765c2",
          "Time": "2024-03-01T14:15:17.581Z",
          "Type": "Sell",
          "Kind": "Limit",
          "Amount": 1.521,
          "Price": 57550.63
        }
      },
      {
        "Order": {
          "Id": "ec3e59e8-5485-4b0c-95b8-98f999ad3b3c",
          "Time": "2024-03-01T18:37:44.951Z",
          "Type": "Sell",
          "Kind": "Limit",
          "Amount": 0.02,
          "Price": 57564.93
        }
      },
      {
        "Order": {
          "Id": "3d75d69a-e82c-4b3d-a204-e8537c978edd",
          "Time": "2024-03-01T19:09:08.378Z",
          "Type": "Sell",
          "Kind": "Limit",
          "Amount": 1.288,
          "Price": 57565.13
        }
      },
      {
        "Order": {
          "Id": "f317b3bd-1e2b-4d4f-932a-d975e3ed1b33",
          "Time": "2024-03-01T04:46:15.526Z",
          "Type": "Sell",
          "Kind": "Limit",
          "Amount": 0.47,
          "Price": 57565.9
        }
      },
      {
        "Order": {
          "Id": "b5227842-71fa-4f70-8f04-43cf1ed1ec92",
          "Time": "2024-03-01T03:57:15.158Z",
          "Type": "Sell",
          "Kind": "Limit",
          "Amount": 6.3983869,
          "Price": 57573.83
        }
      },
      {
        "Order": {
          "Id": "938a3eac-a6f1-4eec-bf0d-96509d02fb33",
          "Time": "2024-03-01T14:14:13.657Z",
          "Type": "Sell",
          "Kind": "Limit",
          "Amount": 25.3129,
          "Price": 57574.02
        }
      },
      {
        "Order": {
          "Id": "1e1b4446-3ea2-4d9d-b514-cdd5a9a13718",
          "Time": "2024-03-01T20:51:02.299Z",
          "Type": "Sell",
          "Kind": "Limit",
          "Amount": 2.376,
          "Price": 57580.4
        }
      },
      {
        "Order": {
          "Id": "8de10b34-d708-436b-a539-7999aced2f86",
          "Time": "2024-03-01T12:12:53.454Z",
          "Type": "Sell",
          "Kind": "Limit",
          "Amount": 1.99,
          "Price": 57586
        }
      },
      {
        "Order": {
          "Id": "fce47029-34d5-4872-b995-74bc8ed161e1",
          "Time": "2024-03-01T22:19:33.837Z",
          "Type": "Sell",
          "Kind": "Limit",
          "Amount": 0.12634646,
          "Price": 57615
        }
      },
      {
        "Order": {
          "Id": "3d517e18-2d4c-4ad7-9b2a-846ad5901e01",
          "Time": "2024-03-01T06:52:51.685Z",
          "Type": "Sell",
          "Kind": "Limit",
          "Amount": 0.308,
          "Price": 57696.76
        }
      },
      {
        "Order": {
          "Id": "141b13ce-9264-424f-b87c-78107252ecd3",
          "Time": "2024-03-01T17:15:02.936Z",
          "Type": "Sell",
          "Kind": "Limit",
          "Amount": 0.573,
          "Price": 57697.15
        }
      },
      {
        "Order": {
          "Id": "ed5370d7-261e-4e1f-be42-4adb1a75a7f7",
          "Time": "2024-03-01T05:31:04.738Z",
          "Type": "Sell",
          "Kind": "Limit",
          "Amount": 2,
          "Price": 57700.05
        }
      },
      {
        "Order": {
          "Id": "08a3cc8c-ad00-41e4-afb6-a7d8d46a0fb6",
          "Time": "2024-03-01T03:15:25.906Z",
          "Type": "Sell",
          "Kind": "Limit",
          "Amount": 0.12634646,
          "Price": 57749.15
        }
      },
      {
        "Order": {
          "Id": "462ec88d-528d-4eba-b4d5-ef76eb8140d0",
          "Time": "2024-03-01T17:30:02.794Z",
          "Type": "Sell",
          "Kind": "Limit",
          "Amount": 0.5,
          "Price": 57755.72
        }
      },
      {
        "Order": {
          "Id": "b8073337-ce14-494b-9b28-0a90fffeeb7b",
          "Time": "2024-03-01T08:54:23.795Z",
          "Type": "Sell",
          "Kind": "Limit",
          "Amount": 5.31,
          "Price": 57831.3
        }
      },
      {
        "Order": {
          "Id": "85337cad-5770-48ba-aac1-e1552fc37cca",
          "Time": "2024-03-01T01:34:16.605Z",
          "Type": "Sell",
          "Kind": "Limit",
          "Amount": 0.12634646,
          "Price": 57872.86
        }
      },
      {
        "Order": {
          "Id": "dd92e3ad-bf97-4117-bebc-6dd71ab22d94",
          "Time": "2024-03-01T15:52:27.293Z",
          "Type": "Sell",
          "Kind": "Limit",
          "Amount": 0.54945725,
          "Price": 57881.75
        }
      },
      {
        "Order": {
          "Id": "2941711d-aa20-444f-b2a9-f296266273fa",
          "Time": "2024-03-01T20:55:35.642Z",
          "Type": "Sell",
          "Kind": "Limit",
          "Amount": 0.2,
          "Price": 57881.95
        }
      },
      {
        "Order": {
          "Id": "921a6cd1-eda6-4467-8d34-3445a0797c03",
          "Time": "2024-03-01T07:19:51.342Z",
          "Type": "Sell",
          "Kind": "Limit",
          "Amount": 2,
          "Price": 57893.35
        }
      },
      {
        "Order": {
          "Id": "921ed60d-8c12-4e8d-9bdc-2eea855da5cd",
          "Time": "2024-03-01T00:29:51.934Z",
          "Type": "Sell",
          "Kind": "Limit",
          "Amount": 0.53588928,
          "Price": 57893.93
        }
      },
      {
        "Order": {
          "Id": "26311175-4ba9-492e-852b-c09c973e31ad",
          "Time": "2024-03-01T01:06:11.704Z",
          "Type": "Sell",
          "Kind": "Limit",
          "Amount": 0.033,
          "Price": 57900.12
        }
      },
      {
        "Order": {
          "Id": "61a8c7cf-f327-4e3f-955b-d13a08e74bc9",
          "Time": "2024-03-01T20:18:05.639Z",
          "Type": "Sell",
          "Kind": "Limit",
          "Amount": 0.00646311,
          "Price": 57909.01
        }
      },
      {
        "Order": {
          "Id": "d4a3ced3-a3b7-4762-b1b2-44fd379230e1",
          "Time": "2024-03-01T01:09:58.252Z",
          "Type": "Sell",
          "Kind": "Limit",
          "Amount": 0.1,
          "Price": 57951.34
        }
      },
      {
        "Order": {
          "Id": "0a644aca-440d-4997-a1f5-8534b6c43da5",
          "Time": "2024-03-01T02:16:43.046Z",
          "Type": "Sell",
          "Kind": "Limit",
          "Amount": 0.00486034,
          "Price": 57956.37
        }
      },
      {
        "Order": {
          "Id": "a49b3d7a-74f6-40d5-9bc5-1cfa7c36a16c",
          "Time": "2024-03-01T04:12:04.118Z",
          "Type": "Sell",
          "Kind": "Limit",
          "Amount": 13.7,
          "Price": 57990
        }
      },
      {
        "Order": {
          "Id": "057d519d-bdc4-4cf2-ab6e-808ba9b07627",
          "Time": "2024-03-01T14:02:09.466Z",
          "Type": "Sell",
          "Kind": "Limit",
          "Amount": 0.31,
          "Price": 58003.53
        }
      },
      {
        "Order": {
          "Id": "106a9077-6813-47b2-bf91-3c9bbeaa2bd0",
          "Time": "2024-03-01T22:32:48.794Z",
          "Type": "Sell",
          "Kind": "Limit",
          "Amount": 0.12634646,
          "Price": 58014.36
        }
      },
      {
        "Order": {
          "Id": "ee26ce33-ff0c-4405-a6d1-5b3b2702c7d9",
          "Time": "2024-03-01T11:12:22.498Z",
          "Type": "Sell",
          "Kind": "Limit",
          "Amount": 0.05,
          "Price": 58055.72
        }
      },
      {
        "Order": {
          "Id": "bdcc6402-61f0-4bed-9364-a82ecb731399",
          "Time": "2024-03-01T06:36:00.891Z",
          "Type": "Sell",
          "Kind": "Limit",
          "Amount": 0.31,
          "Price": 58060.94
        }
      },
      {
        "Order": {
          "Id": "9681ce9d-5ac7-4465-8092-971a40deaf65",
          "Time": "2024-03-01T09:53:00.349Z",
          "Type": "Sell",
          "Kind": "Limit",
          "Amount": 3.385,
          "Price": 58084.33
        }
      },
      {
        "Order": {
          "Id": "c31c0e48-f56e-4b33-99ad-ccaa31ca2022",
          "Time": "2024-03-01T23:21:00.528Z",
          "Type": "Sell",
          "Kind": "Limit",
          "Amount": 0.25,
          "Price": 58086.65
        }
      },
      {
        "Order": {
          "Id": "5fe8dcf7-1c75-4dde-8c94-aaf23ab6e482",
          "Time": "2024-03-01T15:25:31.915Z",
          "Type": "Sell",
          "Kind": "Limit",
          "Amount": 0.25,
          "Price": 58105.98
        }
      },
      {
        "Order": {
          "Id": "17a55f3e-b351-4685-bf09-2e3400256090",
          "Time": "2024-03-01T03:28:01.088Z",
          "Type": "Sell",
          "Kind": "Limit",
          "Amount": 0.31,
          "Price": 58118.16
        }
      },
      {
        "Order": {
          "Id": "d49ff46e-f580-4700-9a0a-d741ff5e11c3",
          "Time": "2024-03-01T18:12:05.502Z",
          "Type": "Sell",
          "Kind": "Limit",
          "Amount": 0.25,
          "Price": 58125.31
        }
      },
      {
        "Order": {
          "Id": "5a30ca67-74d2-4301-afe8-c4691d9a1445",
          "Time": "2024-03-01T09:53:16.419Z",
          "Type": "Sell",
          "Kind": "Limit",
          "Amount": 0.07,
          "Price": 58175.37
        }
      },
      {
        "Order": {
          "Id": "29bcca3e-6a8f-4cf6-9971-96e2d620f8ac",
          "Time": "2024-03-01T20:55:21.902Z",
          "Type": "Sell",
          "Kind": "Limit",
          "Amount": 18.87308352,
          "Price": 58183.11
        }
      },
      {
        "Order": {
          "Id": "2aa3664f-c300-4221-8d1b-e5a62cea7799",
          "Time": "2024-03-01T00:22:35.023Z",
          "Type": "Sell",
          "Kind": "Limit",
          "Amount": 0.1,
          "Price": 58183.3
        }
      },
      {
        "Order": {
          "Id": "160c325b-443d-41ae-9d90-9a790989fcf2",
          "Time": "2024-03-01T18:43:53.238Z",
          "Type": "Sell",
          "Kind": "Limit",
          "Amount": 4.07375647,
          "Price": 58217.9
        }
      },
      {
        "Order": {
          "Id": "2f7fcc06-34da-47cb-9b60-810da68baaf2",
          "Time": "2024-03-01T22:26:38.756Z",
          "Type": "Sell",
          "Kind": "Limit",
          "Amount": 0.31,
          "Price": 58234.52
        }
      },
      {
        "Order": {
          "Id": "6958aa3e-c567-4c93-9d04-22f12795a631",
          "Time": "2024-03-01T05:27:04.284Z",
          "Type": "Sell",
          "Kind": "Limit",
          "Amount": 0.005123,
          "Price": 58296.19
        }
      },
      {
        "Order": {
          "Id": "45a7dc82-2773-451e-8208-b588b9b19a2d",
          "Time": "2024-03-01T14:57:55.181Z",
          "Type": "Sell",
          "Kind": "Limit",
          "Amount": 0.00382481,
          "Price": 58314.16
        }
      },
      {
        "Order": {
          "Id": "c90c6169-2d56-4a7c-8809-72ad52c59699",
          "Time": "2024-03-01T04:34:39.065Z",
          "Type": "Sell",
          "Kind": "Limit",
          "Amount": 0.5,
          "Price": 58318.61
        }
      },
      {
        "Order": {
          "Id": "826d4115-4246-46f9-bbd9-9a8523be9d47",
          "Time": "2024-03-01T15:29:10.864Z",
          "Type": "Sell",
          "Kind": "Limit",
          "Amount": 8.875,
          "Price": 58343.16
        }
      },
      {
        "Order": {
          "Id": "eac30321-55e2-40ed-9bea-727ac194b6e4",
          "Time": "2024-03-01T00:27:13.751Z",
          "Type": "Sell",
          "Kind": "Limit",
          "Amount": 0.2,
          "Price": 58376.6
        }
      },
      {
        "Order": {
          "Id": "0aa5700c-f633-4a57-8a3b-780f243f429d",
          "Time": "2024-03-01T01:31:55.157Z",
          "Type": "Sell",
          "Kind": "Limit",
          "Amount": 0.0047,
          "Price": 58382.4
        }
      },
      {
        "Order": {
          "Id": "8c322066-3086-40a9-b6ab-649f332a7cbb",
          "Time": "2024-03-01T01:57:19.276Z",
          "Type": "Sell",
          "Kind": "Limit",
          "Amount": 0.01609676,
          "Price": 58445.99
        }
      },
      {
        "Order": {
          "Id": "2cfc2e6f-3e21-4e65-adba-5ac6ee2df475",
          "Time": "2024-03-01T02:30:59.045Z",
          "Type": "Sell",
          "Kind": "Limit",
          "Amount": 2.002,
          "Price": 58473.25
        }
      },
      {
        "Order": {
          "Id": "b9f4e38b-d76c-43d2-bcf5-2b517ff04708",
          "Time": "2024-03-01T18:45:55.997Z",
          "Type": "Sell",
          "Kind": "Limit",
          "Amount": 0.3,
          "Price": 58569.9
        }
      },
      {
        "Order": {
          "Id": "5da3caca-010f-4351-9d58-82ecb0ff9867",
          "Time": "2024-03-01T09:56:36.677Z",
          "Type": "Sell",
          "Kind": "Limit",
          "Amount": 19.739,
          "Price": 58601.21
        }
      },
      {
        "Order": {
          "Id": "a5378582-6901-4f22-bc42-28acdc9a775b",
          "Time": "2024-03-01T13:37:22.115Z",
          "Type": "Sell",
          "Kind": "Limit",
          "Amount": 0.00743778,
          "Price": 58726.86
        }
      },
      {
        "Order": {
          "Id": "6c407d1b-f3e9-4be1-bcd8-ca4ae76c74d4",
          "Time": "2024-03-01T12:16:17.300Z",
          "Type": "Sell",
          "Kind": "Limit",
          "Amount": 0.4,
          "Price": 58754.89
        }
      },
      {
        "Order": {
          "Id": "18fda13b-dd49-4183-b80d-413acc5ec9a0",
          "Time": "2024-03-01T13:30:52.028Z",
          "Type": "Sell",
          "Kind": "Limit",
          "Amount": 0.4,
          "Price": 58763.2
        }
      },
      {
        "Order": {
          "Id": "6a012eb0-2afd-4d50-9d97-62e7d6edc55d",
          "Time": "2024-03-01T01:38:36.477Z",
          "Type": "Sell",
          "Kind": "Limit",
          "Amount": 0.0215792,
          "Price": 58780.21
        }
      },
      {
        "Order": {
          "Id": "416cd4b7-b6f3-4c94-b334-2664a9257a57",
          "Time": "2024-03-01T13:42:12.843Z",
          "Type": "Sell",
          "Kind": "Limit",
          "Amount": 0.1,
          "Price": 58828.54
        }
      },
      {
        "Order": {
          "Id": "184edce0-2334-4dd3-8008-7ca79e1b52cb",
          "Time": "2024-03-01T16:19:29.568Z",
          "Type": "Sell",
          "Kind": "Limit",
          "Amount": 0.02042978,
          "Price": 58956.31
        }
      },
      {
        "Order": {
          "Id": "c53d4bc7-c55a-4716-bcda-a3048e200e5a",
          "Time": "2024-03-01T14:48:45.851Z",
          "Type": "Sell",
          "Kind": "Limit",
          "Amount": 1.510492,
          "Price": 58956.5
        }
      },
      {
        "Order": {
          "Id": "4570dab5-cb77-4701-9920-7e0833e09354",
          "Time": "2024-03-01T17:25:23.033Z",
          "Type": "Sell",
          "Kind": "Limit",
          "Amount": 1,
          "Price": 58975.83
        }
      },
      {
        "Order": {
          "Id": "3d4ddd60-8020-4662-ac30-a0365132a9d3",
          "Time": "2024-03-01T14:29:46.799Z",
          "Type": "Sell",
          "Kind": "Limit",
          "Amount": 0.04,
          "Price": 59035.75
        }
      },
      {
        "Order": {
          "Id": "5fc60ec9-55ec-4a06-bca6-61b014ba88d1",
          "Time": "2024-03-01T16:31:06.129Z",
          "Type": "Sell",
          "Kind": "Limit",
          "Amount": 0.6,
          "Price": 59149.8
        }
      },
      {
        "Order": {
          "Id": "6dc8d563-f9c9-4867-bb0b-1546ad64cbb3",
          "Time": "2024-03-01T02:47:30.010Z",
          "Type": "Sell",
          "Kind": "Limit",
          "Amount": 0.044,
          "Price": 59156.95
        }
      },
      {
        "Order": {
          "Id": "3a21c5fd-58db-4d3a-8afd-31e8155585de",
          "Time": "2024-03-01T22:26:50.982Z",
          "Type": "Sell",
          "Kind": "Limit",
          "Amount": 0.0048951,
          "Price": 59232.73
        }
      },
      {
        "Order": {
          "Id": "e0c2445c-f228-46fc-8877-b7112f7fb6dc",
          "Time": "2024-03-01T11:57:02.294Z",
          "Type": "Sell",
          "Kind": "Limit",
          "Amount": 0.7449,
          "Price": 59343.1
        }
      },
      {
        "Order": {
          "Id": "d9df0273-13fd-4343-81a4-81592ec55332",
          "Time": "2024-03-01T09:43:43.421Z",
          "Type": "Sell",
          "Kind": "Limit",
          "Amount": 0.0213695,
          "Price": 59356.82
        }
      },
      {
        "Order": {
          "Id": "8b5e4736-43cd-4e98-886e-e47b0630da24",
          "Time": "2024-03-01T19:35:38.527Z",
          "Type": "Sell",
          "Kind": "Limit",
          "Amount": 0.03187699,
          "Price": 59420.42
        }
      },
      {
        "Order": {
          "Id": "65e7bdb1-c42f-497c-86a6-f3ca52475c3e",
          "Time": "2024-03-01T17:42:02.591Z",
          "Type": "Sell",
          "Kind": "Limit",
          "Amount": 0.03322641,
          "Price": 59439.75
        }
      },
      {
        "Order": {
          "Id": "c9e54303-f305-4fa5-bf6e-2079b65a24af",
          "Time": "2024-03-01T10:10:44.581Z",
          "Type": "Sell",
          "Kind": "Limit",
          "Amount": 3.1,
          "Price": 59536.4
        }
      },
      {
        "Order": {
          "Id": "0caa7e1c-880a-403d-b7b5-a023de446abd",
          "Time": "2024-03-01T02:28:19.356Z",
          "Type": "Sell",
          "Kind": "Limit",
          "Amount": 0.00837082,
          "Price": 59675.38
        }
      },
      {
        "Order": {
          "Id": "ebabc19a-90a0-4279-b670-5f79505f1e2a",
          "Time": "2024-03-01T13:51:46.894Z",
          "Type": "Sell",
          "Kind": "Limit",
          "Amount": 2.00817225,
          "Price": 59708.44
        }
      },
      {
        "Order": {
          "Id": "39e19afa-ce69-4c0f-abaf-64ee8c30b555",
          "Time": "2024-03-01T00:15:40.356Z",
          "Type": "Sell",
          "Kind": "Limit",
          "Amount": 0.0017,
          "Price": 59710.37
        }
      },
      {
        "Order": {
          "Id": "2c9e0ff0-b8fe-4fae-b12c-136176f1ec93",
          "Time": "2024-03-01T09:40:10.125Z",
          "Type": "Sell",
          "Kind": "Limit",
          "Amount": 0.2339,
          "Price": 59729.89
        }
      },
      {
        "Order": {
          "Id": "5462725a-06d1-4478-8feb-d9087cc1a9ab",
          "Time": "2024-03-01T14:36:34.420Z",
          "Type": "Sell",
          "Kind": "Limit",
          "Amount": 0.003729,
          "Price": 59809.34
        }
      },
      {
        "Order": {
          "Id": "5cbc80b3-cd8e-4752-8a63-ed703b08ed2a",
          "Time": "2024-03-01T11:10:46.274Z",
          "Type": "Sell",
          "Kind": "Limit",
          "Amount": 0.08,
          "Price": 59903.67
        }
      },
      {
        "Order": {
          "Id": "4adb1853-063d-4c74-b11a-b52017aa14a0",
          "Time": "2024-03-01T18:04:09.552Z",
          "Type": "Sell",
          "Kind": "Limit",
          "Amount": 0.0245,
          "Price": 59922.81
        }
      },
      {
        "Order": {
          "Id": "d513cd09-0843-4d51-a262-ab00043de2c7",
          "Time": "2024-03-01T23:40:54.297Z",
          "Type": "Sell",
          "Kind": "Limit",
          "Amount": 10.45090666,
          "Price": 59923
        }
      },
      {
        "Order": {
          "Id": "70265905-4bc4-4adf-8c62-2c384d34649f",
          "Time": "2024-03-01T04:00:11.028Z",
          "Type": "Sell",
          "Kind": "Limit",
          "Amount": 0.0018655,
          "Price": 59937.88
        }
      },
      {
        "Order": {
          "Id": "39c666b8-9a0d-43a0-948e-e64455fdd59e",
          "Time": "2024-03-01T09:08:02.001Z",
          "Type": "Sell",
          "Kind": "Limit",
          "Amount": 0.004975,
          "Price": 60028.35
        }
      },
      {
        "Order": {
          "Id": "c99af6a9-5539-45e1-ac22-4d02f6a2d487",
          "Time": "2024-03-01T04:36:03.274Z",
          "Type": "Sell",
          "Kind": "Limit",
          "Amount": 1,
          "Price": 60038.98
        }
      },
      {
        "Order": {
          "Id": "a3ebb63c-283e-43ba-a7e7-dcab886d2568",
          "Time": "2024-03-01T00:41:06.077Z",
          "Type": "Sell",
          "Kind": "Limit",
          "Amount": 0.01729,
          "Price": 60058.31
        }
      }
    ]
  }
}